%YAML 1.1
%TAG !u! tag:unity3d.com,2011:
--- !u!29 &1
OcclusionCullingSettings:
  m_ObjectHideFlags: 0
  serializedVersion: 2
  m_OcclusionBakeSettings:
    smallestOccluder: 5
    smallestHole: 0.25
    backfaceThreshold: 100
  m_SceneGUID: 00000000000000000000000000000000
  m_OcclusionCullingData: {fileID: 0}
--- !u!104 &2
RenderSettings:
  m_ObjectHideFlags: 0
  serializedVersion: 9
  m_Fog: 0
  m_FogColor: {r: 0.5, g: 0.5, b: 0.5, a: 1}
  m_FogMode: 3
  m_FogDensity: 0.01
  m_LinearFogStart: 0
  m_LinearFogEnd: 300
  m_AmbientSkyColor: {r: 0.212, g: 0.227, b: 0.259, a: 1}
  m_AmbientEquatorColor: {r: 0.114, g: 0.125, b: 0.133, a: 1}
  m_AmbientGroundColor: {r: 0.047, g: 0.043, b: 0.035, a: 1}
  m_AmbientIntensity: 1
  m_AmbientMode: 0
  m_SubtractiveShadowColor: {r: 0.42, g: 0.478, b: 0.627, a: 1}
  m_SkyboxMaterial: {fileID: 10304, guid: 0000000000000000f000000000000000, type: 0}
  m_HaloStrength: 0.5
  m_FlareStrength: 1
  m_FlareFadeSpeed: 3
  m_HaloTexture: {fileID: 0}
  m_SpotCookie: {fileID: 10001, guid: 0000000000000000e000000000000000, type: 0}
  m_DefaultReflectionMode: 0
  m_DefaultReflectionResolution: 128
  m_ReflectionBounces: 1
  m_ReflectionIntensity: 1
  m_CustomReflection: {fileID: 0}
  m_Sun: {fileID: 0}
  m_IndirectSpecularColor: {r: 0.37311953, g: 0.38074014, b: 0.3587274, a: 1}
  m_UseRadianceAmbientProbe: 0
--- !u!157 &3
LightmapSettings:
  m_ObjectHideFlags: 0
  serializedVersion: 11
  m_GIWorkflowMode: 0
  m_GISettings:
    serializedVersion: 2
    m_BounceScale: 1
    m_IndirectOutputScale: 1
    m_AlbedoBoost: 1
    m_EnvironmentLightingMode: 0
    m_EnableBakedLightmaps: 1
    m_EnableRealtimeLightmaps: 0
  m_LightmapEditorSettings:
    serializedVersion: 12
    m_Resolution: 2
    m_BakeResolution: 10
    m_AtlasSize: 512
    m_AO: 0
    m_AOMaxDistance: 1
    m_CompAOExponent: 1
    m_CompAOExponentDirect: 0
    m_ExtractAmbientOcclusion: 0
    m_Padding: 2
    m_LightmapParameters: {fileID: 0}
    m_LightmapsBakeMode: 1
    m_TextureCompression: 1
    m_FinalGather: 0
    m_FinalGatherFiltering: 1
    m_FinalGatherRayCount: 256
    m_ReflectionCompression: 2
    m_MixedBakeMode: 2
    m_BakeBackend: 1
    m_PVRSampling: 1
    m_PVRDirectSampleCount: 32
    m_PVRSampleCount: 256
    m_PVRBounces: 2
    m_PVREnvironmentSampleCount: 256
    m_PVREnvironmentReferencePointCount: 2048
    m_PVRFilteringMode: 2
    m_PVRDenoiserTypeDirect: 0
    m_PVRDenoiserTypeIndirect: 0
    m_PVRDenoiserTypeAO: 0
    m_PVRFilterTypeDirect: 0
    m_PVRFilterTypeIndirect: 0
    m_PVRFilterTypeAO: 0
    m_PVREnvironmentMIS: 0
    m_PVRCulling: 1
    m_PVRFilteringGaussRadiusDirect: 1
    m_PVRFilteringGaussRadiusIndirect: 5
    m_PVRFilteringGaussRadiusAO: 2
    m_PVRFilteringAtrousPositionSigmaDirect: 0.5
    m_PVRFilteringAtrousPositionSigmaIndirect: 2
    m_PVRFilteringAtrousPositionSigmaAO: 1
    m_ShowResolutionOverlay: 1
    m_ExportTrainingData: 0
  m_LightingDataAsset: {fileID: 0}
  m_UseShadowmask: 1
--- !u!196 &4
NavMeshSettings:
  serializedVersion: 2
  m_ObjectHideFlags: 0
  m_BuildSettings:
    serializedVersion: 2
    agentTypeID: 0
    agentRadius: 0.5
    agentHeight: 2
    agentSlope: 45
    agentClimb: 0.4
    ledgeDropHeight: 0
    maxJumpAcrossDistance: 0
    minRegionArea: 2
    manualCellSize: 0
    cellSize: 0.16666667
    manualTileSize: 0
    tileSize: 256
    accuratePlacement: 0
    debug:
      m_Flags: 0
  m_NavMeshData: {fileID: 0}
--- !u!1 &286081019
GameObject:
  m_ObjectHideFlags: 0
  m_CorrespondingSourceObject: {fileID: 0}
  m_PrefabInstance: {fileID: 0}
  m_PrefabAsset: {fileID: 0}
  serializedVersion: 6
  m_Component:
  - component: {fileID: 286081020}
  - component: {fileID: 286081021}
  m_Layer: 0
  m_Name: Result UI Container
  m_TagString: Untagged
  m_Icon: {fileID: 0}
  m_NavMeshLayer: 0
  m_StaticEditorFlags: 0
  m_IsActive: 1
--- !u!224 &286081020
RectTransform:
  m_ObjectHideFlags: 0
  m_CorrespondingSourceObject: {fileID: 0}
  m_PrefabInstance: {fileID: 0}
  m_PrefabAsset: {fileID: 0}
  m_GameObject: {fileID: 286081019}
  m_LocalRotation: {x: 0, y: 0, z: 0, w: 1}
  m_LocalPosition: {x: 0, y: 0, z: 0}
  m_LocalScale: {x: 1, y: 1, z: 1}
  m_Children:
  - {fileID: 788752235}
  - {fileID: 1846712057}
  m_Father: {fileID: 323430023}
  m_RootOrder: 1
  m_LocalEulerAnglesHint: {x: 0, y: 0, z: 0}
  m_AnchorMin: {x: 0, y: 0}
  m_AnchorMax: {x: 1, y: 1}
  m_AnchoredPosition: {x: 0, y: 0}
  m_SizeDelta: {x: 0, y: 0}
  m_Pivot: {x: 0.5, y: 0.5}
--- !u!114 &286081021
MonoBehaviour:
  m_ObjectHideFlags: 0
  m_CorrespondingSourceObject: {fileID: 0}
  m_PrefabInstance: {fileID: 0}
  m_PrefabAsset: {fileID: 0}
  m_GameObject: {fileID: 286081019}
  m_Enabled: 1
  m_EditorHideFlags: 0
  m_Script: {fileID: -2095666955, guid: f70555f144d8491a825f0804e09c671c, type: 3}
  m_Name: 
  m_EditorClassIdentifier: 
  m_Padding:
    m_Left: 0
    m_Right: 0
    m_Top: 0
    m_Bottom: 0
  m_ChildAlignment: 4
  m_StartCorner: 0
  m_StartAxis: 0
  m_CellSize: {x: 200, y: 100}
  m_Spacing: {x: 50, y: 50}
  m_Constraint: 1
  m_ConstraintCount: 2
--- !u!1001 &318434812
PrefabInstance:
  m_ObjectHideFlags: 0
  serializedVersion: 2
  m_Modification:
    m_TransformParent: {fileID: 323430023}
    m_Modifications:
    - target: {fileID: 8766758616164434971, guid: c66953de31933c149af1bba3ee32f72b,
        type: 3}
      propertyPath: m_Name
      value: GameplayPrototype Text
      objectReference: {fileID: 0}
    - target: {fileID: 8766758616164434970, guid: c66953de31933c149af1bba3ee32f72b,
        type: 3}
      propertyPath: m_LocalPosition.x
      value: 0
      objectReference: {fileID: 0}
    - target: {fileID: 8766758616164434970, guid: c66953de31933c149af1bba3ee32f72b,
        type: 3}
      propertyPath: m_LocalPosition.y
      value: 0
      objectReference: {fileID: 0}
    - target: {fileID: 8766758616164434970, guid: c66953de31933c149af1bba3ee32f72b,
        type: 3}
      propertyPath: m_LocalPosition.z
      value: 0
      objectReference: {fileID: 0}
    - target: {fileID: 8766758616164434970, guid: c66953de31933c149af1bba3ee32f72b,
        type: 3}
      propertyPath: m_LocalRotation.x
      value: 0
      objectReference: {fileID: 0}
    - target: {fileID: 8766758616164434970, guid: c66953de31933c149af1bba3ee32f72b,
        type: 3}
      propertyPath: m_LocalRotation.y
      value: 0
      objectReference: {fileID: 0}
    - target: {fileID: 8766758616164434970, guid: c66953de31933c149af1bba3ee32f72b,
        type: 3}
      propertyPath: m_LocalRotation.z
      value: 0
      objectReference: {fileID: 0}
    - target: {fileID: 8766758616164434970, guid: c66953de31933c149af1bba3ee32f72b,
        type: 3}
      propertyPath: m_LocalRotation.w
      value: 1
      objectReference: {fileID: 0}
    - target: {fileID: 8766758616164434970, guid: c66953de31933c149af1bba3ee32f72b,
        type: 3}
      propertyPath: m_RootOrder
      value: 2
      objectReference: {fileID: 0}
    - target: {fileID: 8766758616164434970, guid: c66953de31933c149af1bba3ee32f72b,
        type: 3}
      propertyPath: m_LocalEulerAnglesHint.x
      value: 0
      objectReference: {fileID: 0}
    - target: {fileID: 8766758616164434970, guid: c66953de31933c149af1bba3ee32f72b,
        type: 3}
      propertyPath: m_LocalEulerAnglesHint.y
      value: 0
      objectReference: {fileID: 0}
    - target: {fileID: 8766758616164434970, guid: c66953de31933c149af1bba3ee32f72b,
        type: 3}
      propertyPath: m_LocalEulerAnglesHint.z
      value: 0
      objectReference: {fileID: 0}
    - target: {fileID: 8766758616164434970, guid: c66953de31933c149af1bba3ee32f72b,
        type: 3}
      propertyPath: m_AnchoredPosition.x
      value: 97
      objectReference: {fileID: 0}
    - target: {fileID: 8766758616164434970, guid: c66953de31933c149af1bba3ee32f72b,
        type: 3}
      propertyPath: m_AnchoredPosition.y
      value: 15
      objectReference: {fileID: 0}
    - target: {fileID: 8766758616164434970, guid: c66953de31933c149af1bba3ee32f72b,
        type: 3}
      propertyPath: m_SizeDelta.x
      value: 160
      objectReference: {fileID: 0}
    - target: {fileID: 8766758616164434970, guid: c66953de31933c149af1bba3ee32f72b,
        type: 3}
      propertyPath: m_SizeDelta.y
      value: 30
      objectReference: {fileID: 0}
    - target: {fileID: 8766758616164434970, guid: c66953de31933c149af1bba3ee32f72b,
        type: 3}
      propertyPath: m_AnchorMin.x
      value: 0
      objectReference: {fileID: 0}
    - target: {fileID: 8766758616164434970, guid: c66953de31933c149af1bba3ee32f72b,
        type: 3}
      propertyPath: m_AnchorMin.y
      value: 0
      objectReference: {fileID: 0}
    - target: {fileID: 8766758616164434970, guid: c66953de31933c149af1bba3ee32f72b,
        type: 3}
      propertyPath: m_AnchorMax.x
      value: 0
      objectReference: {fileID: 0}
    - target: {fileID: 8766758616164434970, guid: c66953de31933c149af1bba3ee32f72b,
        type: 3}
      propertyPath: m_AnchorMax.y
      value: 0
      objectReference: {fileID: 0}
    - target: {fileID: 8766758616164434970, guid: c66953de31933c149af1bba3ee32f72b,
        type: 3}
      propertyPath: m_Pivot.x
      value: 0.5
      objectReference: {fileID: 0}
    - target: {fileID: 8766758616164434970, guid: c66953de31933c149af1bba3ee32f72b,
        type: 3}
      propertyPath: m_Pivot.y
      value: 0.5
      objectReference: {fileID: 0}
    m_RemovedComponents: []
  m_SourcePrefab: {fileID: 100100000, guid: c66953de31933c149af1bba3ee32f72b, type: 3}
--- !u!224 &318434813 stripped
RectTransform:
  m_CorrespondingSourceObject: {fileID: 8766758616164434970, guid: c66953de31933c149af1bba3ee32f72b,
    type: 3}
  m_PrefabInstance: {fileID: 318434812}
  m_PrefabAsset: {fileID: 0}
--- !u!1 &323430022
GameObject:
  m_ObjectHideFlags: 0
  m_CorrespondingSourceObject: {fileID: 0}
  m_PrefabInstance: {fileID: 0}
  m_PrefabAsset: {fileID: 0}
  serializedVersion: 6
  m_Component:
  - component: {fileID: 323430023}
  - component: {fileID: 323430026}
  - component: {fileID: 323430025}
  - component: {fileID: 323430024}
  m_Layer: 0
  m_Name: Canvas
  m_TagString: Untagged
  m_Icon: {fileID: 0}
  m_NavMeshLayer: 0
  m_StaticEditorFlags: 0
  m_IsActive: 1
--- !u!224 &323430023
RectTransform:
  m_ObjectHideFlags: 0
  m_CorrespondingSourceObject: {fileID: 0}
  m_PrefabInstance: {fileID: 0}
  m_PrefabAsset: {fileID: 0}
  m_GameObject: {fileID: 323430022}
  m_LocalRotation: {x: 0, y: 0, z: 0, w: 1}
  m_LocalPosition: {x: 0, y: 0, z: 0}
  m_LocalScale: {x: 0, y: 0, z: 0}
  m_Children:
  - {fileID: 1559043151}
  - {fileID: 286081020}
  - {fileID: 318434813}
  m_Father: {fileID: 1195357083}
  m_RootOrder: 0
  m_LocalEulerAnglesHint: {x: 0, y: 0, z: 0}
  m_AnchorMin: {x: 0, y: 0}
  m_AnchorMax: {x: 0, y: 0}
  m_AnchoredPosition: {x: 0, y: 0}
  m_SizeDelta: {x: 0, y: 0}
  m_Pivot: {x: 0, y: 0}
--- !u!114 &323430024
MonoBehaviour:
  m_ObjectHideFlags: 0
  m_CorrespondingSourceObject: {fileID: 0}
  m_PrefabInstance: {fileID: 0}
  m_PrefabAsset: {fileID: 0}
  m_GameObject: {fileID: 323430022}
  m_Enabled: 1
  m_EditorHideFlags: 0
  m_Script: {fileID: 1301386320, guid: f70555f144d8491a825f0804e09c671c, type: 3}
  m_Name: 
  m_EditorClassIdentifier: 
  m_IgnoreReversedGraphics: 1
  m_BlockingObjects: 0
  m_BlockingMask:
    serializedVersion: 2
    m_Bits: 4294967295
--- !u!114 &323430025
MonoBehaviour:
  m_ObjectHideFlags: 0
  m_CorrespondingSourceObject: {fileID: 0}
  m_PrefabInstance: {fileID: 0}
  m_PrefabAsset: {fileID: 0}
  m_GameObject: {fileID: 323430022}
  m_Enabled: 1
  m_EditorHideFlags: 0
  m_Script: {fileID: 1980459831, guid: f70555f144d8491a825f0804e09c671c, type: 3}
  m_Name: 
  m_EditorClassIdentifier: 
  m_UiScaleMode: 1
  m_ReferencePixelsPerUnit: 100
  m_ScaleFactor: 1
  m_ReferenceResolution: {x: 1024, y: 576}
  m_ScreenMatchMode: 0
  m_MatchWidthOrHeight: 0
  m_PhysicalUnit: 3
  m_FallbackScreenDPI: 96
  m_DefaultSpriteDPI: 96
  m_DynamicPixelsPerUnit: 1
--- !u!223 &323430026
Canvas:
  m_ObjectHideFlags: 0
  m_CorrespondingSourceObject: {fileID: 0}
  m_PrefabInstance: {fileID: 0}
  m_PrefabAsset: {fileID: 0}
  m_GameObject: {fileID: 323430022}
  m_Enabled: 1
  serializedVersion: 3
  m_RenderMode: 0
  m_Camera: {fileID: 534669904}
  m_PlaneDistance: 1
  m_PixelPerfect: 0
  m_ReceivesEvents: 1
  m_OverrideSorting: 0
  m_OverridePixelPerfect: 0
  m_SortingBucketNormalizedSize: 0
  m_AdditionalShaderChannelsFlag: 0
  m_SortingLayerID: 0
  m_SortingOrder: 0
  m_TargetDisplay: 0
--- !u!1001 &526398962
PrefabInstance:
  m_ObjectHideFlags: 0
  serializedVersion: 2
  m_Modification:
    m_TransformParent: {fileID: 0}
    m_Modifications:
    - target: {fileID: 5821103389370683844, guid: b8ce2803eacde7b47942c5bd8032767b,
        type: 3}
      propertyPath: m_Name
      value: '--- ARENA1 ---'
      objectReference: {fileID: 0}
    - target: {fileID: 5821103389370683845, guid: b8ce2803eacde7b47942c5bd8032767b,
        type: 3}
      propertyPath: m_LocalPosition.x
      value: 0
      objectReference: {fileID: 0}
    - target: {fileID: 5821103389370683845, guid: b8ce2803eacde7b47942c5bd8032767b,
        type: 3}
      propertyPath: m_LocalPosition.y
      value: 0
      objectReference: {fileID: 0}
    - target: {fileID: 5821103389370683845, guid: b8ce2803eacde7b47942c5bd8032767b,
        type: 3}
      propertyPath: m_LocalPosition.z
      value: 0
      objectReference: {fileID: 0}
    - target: {fileID: 5821103389370683845, guid: b8ce2803eacde7b47942c5bd8032767b,
        type: 3}
      propertyPath: m_LocalRotation.x
      value: 0
      objectReference: {fileID: 0}
    - target: {fileID: 5821103389370683845, guid: b8ce2803eacde7b47942c5bd8032767b,
        type: 3}
      propertyPath: m_LocalRotation.y
      value: 0
      objectReference: {fileID: 0}
    - target: {fileID: 5821103389370683845, guid: b8ce2803eacde7b47942c5bd8032767b,
        type: 3}
      propertyPath: m_LocalRotation.z
      value: 0
      objectReference: {fileID: 0}
    - target: {fileID: 5821103389370683845, guid: b8ce2803eacde7b47942c5bd8032767b,
        type: 3}
      propertyPath: m_LocalRotation.w
      value: 1
      objectReference: {fileID: 0}
    - target: {fileID: 5821103389370683845, guid: b8ce2803eacde7b47942c5bd8032767b,
        type: 3}
      propertyPath: m_RootOrder
      value: 1
      objectReference: {fileID: 0}
    - target: {fileID: 5821103389370683845, guid: b8ce2803eacde7b47942c5bd8032767b,
        type: 3}
      propertyPath: m_LocalEulerAnglesHint.x
      value: 0
      objectReference: {fileID: 0}
    - target: {fileID: 5821103389370683845, guid: b8ce2803eacde7b47942c5bd8032767b,
        type: 3}
      propertyPath: m_LocalEulerAnglesHint.y
      value: 0
      objectReference: {fileID: 0}
    - target: {fileID: 5821103389370683845, guid: b8ce2803eacde7b47942c5bd8032767b,
        type: 3}
      propertyPath: m_LocalEulerAnglesHint.z
      value: 0
      objectReference: {fileID: 0}
    - target: {fileID: 5821103389368634474, guid: b8ce2803eacde7b47942c5bd8032767b,
        type: 3}
      propertyPath: m_ColliderPaths.Array.data[0].m_ColliderPaths.Array.size
      value: 5
      objectReference: {fileID: 0}
    - target: {fileID: 5821103389368634474, guid: b8ce2803eacde7b47942c5bd8032767b,
        type: 3}
      propertyPath: m_ColliderPaths.Array.data[0].m_ColliderPaths.Array.data[2].Array.size
      value: 4
      objectReference: {fileID: 0}
    - target: {fileID: 5821103389368634474, guid: b8ce2803eacde7b47942c5bd8032767b,
        type: 3}
      propertyPath: m_ColliderPaths.Array.data[0].m_ColliderPaths.Array.data[4].Array.size
      value: 4
      objectReference: {fileID: 0}
    - target: {fileID: 5821103389368634474, guid: b8ce2803eacde7b47942c5bd8032767b,
        type: 3}
      propertyPath: m_CompositePaths.m_Paths.Array.size
      value: 5
      objectReference: {fileID: 0}
    - target: {fileID: 5821103389368634474, guid: b8ce2803eacde7b47942c5bd8032767b,
        type: 3}
      propertyPath: m_CompositePaths.m_Paths.Array.data[2].Array.size
      value: 4
      objectReference: {fileID: 0}
    - target: {fileID: 5821103389368634474, guid: b8ce2803eacde7b47942c5bd8032767b,
        type: 3}
      propertyPath: m_CompositePaths.m_Paths.Array.data[4].Array.size
      value: 4
      objectReference: {fileID: 0}
    - target: {fileID: 5821103389368634474, guid: b8ce2803eacde7b47942c5bd8032767b,
        type: 3}
      propertyPath: m_ColliderPaths.Array.data[0].m_ColliderPaths.Array.data[3].Array.size
      value: 4
      objectReference: {fileID: 0}
    - target: {fileID: 5821103389368634474, guid: b8ce2803eacde7b47942c5bd8032767b,
        type: 3}
      propertyPath: m_CompositePaths.m_Paths.Array.data[3].Array.size
      value: 4
      objectReference: {fileID: 0}
    - target: {fileID: 5821103389368634474, guid: b8ce2803eacde7b47942c5bd8032767b,
        type: 3}
      propertyPath: m_ColliderPaths.Array.data[0].m_ColliderPaths.Array.data[2].Array.data[2].Y
      value: 30000000
      objectReference: {fileID: 0}
    - target: {fileID: 5821103389368634474, guid: b8ce2803eacde7b47942c5bd8032767b,
        type: 3}
      propertyPath: m_ColliderPaths.Array.data[0].m_ColliderPaths.Array.data[2].Array.data[3].X
      value: 120000000
      objectReference: {fileID: 0}
    - target: {fileID: 5821103389368634474, guid: b8ce2803eacde7b47942c5bd8032767b,
        type: 3}
      propertyPath: m_ColliderPaths.Array.data[0].m_ColliderPaths.Array.data[2].Array.data[3].Y
      value: 30000000
      objectReference: {fileID: 0}
    - target: {fileID: 5821103389368634474, guid: b8ce2803eacde7b47942c5bd8032767b,
        type: 3}
      propertyPath: m_ColliderPaths.Array.data[0].m_ColliderPaths.Array.data[3].Array.data[0].X
      value: 20000000
      objectReference: {fileID: 0}
    - target: {fileID: 5821103389368634474, guid: b8ce2803eacde7b47942c5bd8032767b,
        type: 3}
      propertyPath: m_ColliderPaths.Array.data[0].m_ColliderPaths.Array.data[3].Array.data[0].Y
      value: 50000000
      objectReference: {fileID: 0}
    - target: {fileID: 5821103389368634474, guid: b8ce2803eacde7b47942c5bd8032767b,
        type: 3}
      propertyPath: m_ColliderPaths.Array.data[0].m_ColliderPaths.Array.data[3].Array.data[1].X
      value: -50000000
      objectReference: {fileID: 0}
    - target: {fileID: 5821103389368634474, guid: b8ce2803eacde7b47942c5bd8032767b,
        type: 3}
      propertyPath: m_ColliderPaths.Array.data[0].m_ColliderPaths.Array.data[3].Array.data[1].Y
      value: 50000000
      objectReference: {fileID: 0}
    - target: {fileID: 5821103389368634474, guid: b8ce2803eacde7b47942c5bd8032767b,
        type: 3}
      propertyPath: m_ColliderPaths.Array.data[0].m_ColliderPaths.Array.data[3].Array.data[2].X
      value: -50000000
      objectReference: {fileID: 0}
    - target: {fileID: 5821103389368634474, guid: b8ce2803eacde7b47942c5bd8032767b,
        type: 3}
      propertyPath: m_ColliderPaths.Array.data[0].m_ColliderPaths.Array.data[3].Array.data[2].Y
      value: 30000000
      objectReference: {fileID: 0}
    - target: {fileID: 5821103389368634474, guid: b8ce2803eacde7b47942c5bd8032767b,
        type: 3}
      propertyPath: m_ColliderPaths.Array.data[0].m_ColliderPaths.Array.data[3].Array.data[3].X
      value: 20000000
      objectReference: {fileID: 0}
    - target: {fileID: 5821103389368634474, guid: b8ce2803eacde7b47942c5bd8032767b,
        type: 3}
      propertyPath: m_ColliderPaths.Array.data[0].m_ColliderPaths.Array.data[3].Array.data[3].Y
      value: 30000000
      objectReference: {fileID: 0}
    - target: {fileID: 5821103389368634474, guid: b8ce2803eacde7b47942c5bd8032767b,
        type: 3}
      propertyPath: m_ColliderPaths.Array.data[0].m_ColliderPaths.Array.data[4].Array.data[0].X
      value: 90000000
      objectReference: {fileID: 0}
    - target: {fileID: 5821103389368634474, guid: b8ce2803eacde7b47942c5bd8032767b,
        type: 3}
      propertyPath: m_ColliderPaths.Array.data[0].m_ColliderPaths.Array.data[4].Array.data[0].Y
      value: -40000000
      objectReference: {fileID: 0}
    - target: {fileID: 5821103389368634474, guid: b8ce2803eacde7b47942c5bd8032767b,
        type: 3}
      propertyPath: m_ColliderPaths.Array.data[0].m_ColliderPaths.Array.data[4].Array.data[1].X
      value: -20000000
      objectReference: {fileID: 0}
    - target: {fileID: 5821103389368634474, guid: b8ce2803eacde7b47942c5bd8032767b,
        type: 3}
      propertyPath: m_ColliderPaths.Array.data[0].m_ColliderPaths.Array.data[4].Array.data[1].Y
      value: -40000000
      objectReference: {fileID: 0}
    - target: {fileID: 5821103389368634474, guid: b8ce2803eacde7b47942c5bd8032767b,
        type: 3}
      propertyPath: m_ColliderPaths.Array.data[0].m_ColliderPaths.Array.data[4].Array.data[2].X
      value: -20000000
      objectReference: {fileID: 0}
    - target: {fileID: 5821103389368634474, guid: b8ce2803eacde7b47942c5bd8032767b,
        type: 3}
      propertyPath: m_ColliderPaths.Array.data[0].m_ColliderPaths.Array.data[4].Array.data[2].Y
      value: -50000000
      objectReference: {fileID: 0}
    - target: {fileID: 5821103389368634474, guid: b8ce2803eacde7b47942c5bd8032767b,
        type: 3}
      propertyPath: m_ColliderPaths.Array.data[0].m_ColliderPaths.Array.data[4].Array.data[3].X
      value: 90000000
      objectReference: {fileID: 0}
    - target: {fileID: 5821103389368634474, guid: b8ce2803eacde7b47942c5bd8032767b,
        type: 3}
      propertyPath: m_ColliderPaths.Array.data[0].m_ColliderPaths.Array.data[4].Array.data[3].Y
      value: -50000000
      objectReference: {fileID: 0}
    - target: {fileID: 5821103389368634474, guid: b8ce2803eacde7b47942c5bd8032767b,
        type: 3}
      propertyPath: m_CompositePaths.m_Paths.Array.data[2].Array.data[2].y
      value: 3
      objectReference: {fileID: 0}
    - target: {fileID: 5821103389368634474, guid: b8ce2803eacde7b47942c5bd8032767b,
        type: 3}
      propertyPath: m_CompositePaths.m_Paths.Array.data[2].Array.data[3].x
      value: 12
      objectReference: {fileID: 0}
    - target: {fileID: 5821103389368634474, guid: b8ce2803eacde7b47942c5bd8032767b,
        type: 3}
      propertyPath: m_CompositePaths.m_Paths.Array.data[2].Array.data[3].y
      value: 3
      objectReference: {fileID: 0}
    - target: {fileID: 5821103389368634474, guid: b8ce2803eacde7b47942c5bd8032767b,
        type: 3}
      propertyPath: m_CompositePaths.m_Paths.Array.data[3].Array.data[0].x
      value: 2
      objectReference: {fileID: 0}
    - target: {fileID: 5821103389368634474, guid: b8ce2803eacde7b47942c5bd8032767b,
        type: 3}
      propertyPath: m_CompositePaths.m_Paths.Array.data[3].Array.data[0].y
      value: 5
      objectReference: {fileID: 0}
    - target: {fileID: 5821103389368634474, guid: b8ce2803eacde7b47942c5bd8032767b,
        type: 3}
      propertyPath: m_CompositePaths.m_Paths.Array.data[3].Array.data[1].x
      value: -5
      objectReference: {fileID: 0}
    - target: {fileID: 5821103389368634474, guid: b8ce2803eacde7b47942c5bd8032767b,
        type: 3}
      propertyPath: m_CompositePaths.m_Paths.Array.data[3].Array.data[1].y
      value: 5
      objectReference: {fileID: 0}
    - target: {fileID: 5821103389368634474, guid: b8ce2803eacde7b47942c5bd8032767b,
        type: 3}
      propertyPath: m_CompositePaths.m_Paths.Array.data[3].Array.data[2].x
      value: -5
      objectReference: {fileID: 0}
    - target: {fileID: 5821103389368634474, guid: b8ce2803eacde7b47942c5bd8032767b,
        type: 3}
      propertyPath: m_CompositePaths.m_Paths.Array.data[3].Array.data[2].y
      value: 3
      objectReference: {fileID: 0}
    - target: {fileID: 5821103389368634474, guid: b8ce2803eacde7b47942c5bd8032767b,
        type: 3}
      propertyPath: m_CompositePaths.m_Paths.Array.data[3].Array.data[3].x
      value: 2
      objectReference: {fileID: 0}
    - target: {fileID: 5821103389368634474, guid: b8ce2803eacde7b47942c5bd8032767b,
        type: 3}
      propertyPath: m_CompositePaths.m_Paths.Array.data[3].Array.data[3].y
      value: 3
      objectReference: {fileID: 0}
    - target: {fileID: 5821103389368634474, guid: b8ce2803eacde7b47942c5bd8032767b,
        type: 3}
      propertyPath: m_CompositePaths.m_Paths.Array.data[4].Array.data[0].x
      value: 9
      objectReference: {fileID: 0}
    - target: {fileID: 5821103389368634474, guid: b8ce2803eacde7b47942c5bd8032767b,
        type: 3}
      propertyPath: m_CompositePaths.m_Paths.Array.data[4].Array.data[0].y
      value: -4
      objectReference: {fileID: 0}
    - target: {fileID: 5821103389368634474, guid: b8ce2803eacde7b47942c5bd8032767b,
        type: 3}
      propertyPath: m_CompositePaths.m_Paths.Array.data[4].Array.data[1].x
      value: -2
      objectReference: {fileID: 0}
    - target: {fileID: 5821103389368634474, guid: b8ce2803eacde7b47942c5bd8032767b,
        type: 3}
      propertyPath: m_CompositePaths.m_Paths.Array.data[4].Array.data[1].y
      value: -4
      objectReference: {fileID: 0}
    - target: {fileID: 5821103389368634474, guid: b8ce2803eacde7b47942c5bd8032767b,
        type: 3}
      propertyPath: m_CompositePaths.m_Paths.Array.data[4].Array.data[2].x
      value: -2
      objectReference: {fileID: 0}
    - target: {fileID: 5821103389368634474, guid: b8ce2803eacde7b47942c5bd8032767b,
        type: 3}
      propertyPath: m_CompositePaths.m_Paths.Array.data[4].Array.data[2].y
      value: -5
      objectReference: {fileID: 0}
    - target: {fileID: 5821103389368634474, guid: b8ce2803eacde7b47942c5bd8032767b,
        type: 3}
      propertyPath: m_CompositePaths.m_Paths.Array.data[4].Array.data[3].x
      value: 9
      objectReference: {fileID: 0}
    - target: {fileID: 5821103389368634474, guid: b8ce2803eacde7b47942c5bd8032767b,
        type: 3}
      propertyPath: m_CompositePaths.m_Paths.Array.data[4].Array.data[3].y
      value: -5
      objectReference: {fileID: 0}
    - target: {fileID: 5821103389368634474, guid: b8ce2803eacde7b47942c5bd8032767b,
        type: 3}
      propertyPath: m_ColliderPaths.Array.data[0].m_ColliderPaths.Array.data[2].Array.data[0].X
      value: 120000000
      objectReference: {fileID: 0}
    - target: {fileID: 5821103389368634474, guid: b8ce2803eacde7b47942c5bd8032767b,
        type: 3}
      propertyPath: m_ColliderPaths.Array.data[0].m_ColliderPaths.Array.data[2].Array.data[1].X
      value: 50000000
      objectReference: {fileID: 0}
    - target: {fileID: 5821103389368634474, guid: b8ce2803eacde7b47942c5bd8032767b,
        type: 3}
      propertyPath: m_ColliderPaths.Array.data[0].m_ColliderPaths.Array.data[2].Array.data[2].X
      value: 50000000
      objectReference: {fileID: 0}
    - target: {fileID: 5821103389368634474, guid: b8ce2803eacde7b47942c5bd8032767b,
        type: 3}
      propertyPath: m_CompositePaths.m_Paths.Array.data[2].Array.data[0].x
      value: 12
      objectReference: {fileID: 0}
    - target: {fileID: 5821103389368634474, guid: b8ce2803eacde7b47942c5bd8032767b,
        type: 3}
      propertyPath: m_CompositePaths.m_Paths.Array.data[2].Array.data[1].x
      value: 5
      objectReference: {fileID: 0}
    - target: {fileID: 5821103389368634474, guid: b8ce2803eacde7b47942c5bd8032767b,
        type: 3}
      propertyPath: m_CompositePaths.m_Paths.Array.data[2].Array.data[2].x
      value: 5
      objectReference: {fileID: 0}
    - target: {fileID: 5821103389368634474, guid: b8ce2803eacde7b47942c5bd8032767b,
        type: 3}
      propertyPath: m_ColliderPaths.Array.data[0].m_ColliderPaths.Array.data[2].Array.data[0].Y
      value: 50000000
      objectReference: {fileID: 0}
    - target: {fileID: 5821103389368634474, guid: b8ce2803eacde7b47942c5bd8032767b,
        type: 3}
      propertyPath: m_ColliderPaths.Array.data[0].m_ColliderPaths.Array.data[2].Array.data[1].Y
      value: 50000000
      objectReference: {fileID: 0}
    - target: {fileID: 5821103389368634474, guid: b8ce2803eacde7b47942c5bd8032767b,
        type: 3}
      propertyPath: m_ColliderPaths.Array.data[0].m_ColliderPaths.Array.data[3].Array.data[4].X
      value: -50000000
      objectReference: {fileID: 0}
    - target: {fileID: 5821103389368634474, guid: b8ce2803eacde7b47942c5bd8032767b,
        type: 3}
      propertyPath: m_ColliderPaths.Array.data[0].m_ColliderPaths.Array.data[3].Array.data[4].Y
      value: 30000000
      objectReference: {fileID: 0}
    - target: {fileID: 5821103389368634474, guid: b8ce2803eacde7b47942c5bd8032767b,
        type: 3}
      propertyPath: m_ColliderPaths.Array.data[0].m_ColliderPaths.Array.data[3].Array.data[5].X
      value: 20000000
      objectReference: {fileID: 0}
    - target: {fileID: 5821103389368634474, guid: b8ce2803eacde7b47942c5bd8032767b,
        type: 3}
      propertyPath: m_ColliderPaths.Array.data[0].m_ColliderPaths.Array.data[3].Array.data[5].Y
      value: 30000000
      objectReference: {fileID: 0}
    - target: {fileID: 5821103389368634474, guid: b8ce2803eacde7b47942c5bd8032767b,
        type: 3}
      propertyPath: m_CompositePaths.m_Paths.Array.data[2].Array.data[0].y
      value: 5
      objectReference: {fileID: 0}
    - target: {fileID: 5821103389368634474, guid: b8ce2803eacde7b47942c5bd8032767b,
        type: 3}
      propertyPath: m_CompositePaths.m_Paths.Array.data[2].Array.data[1].y
      value: 5
      objectReference: {fileID: 0}
    - target: {fileID: 5821103389368634474, guid: b8ce2803eacde7b47942c5bd8032767b,
        type: 3}
      propertyPath: m_CompositePaths.m_Paths.Array.data[3].Array.data[4].x
      value: -5
      objectReference: {fileID: 0}
    - target: {fileID: 5821103389368634474, guid: b8ce2803eacde7b47942c5bd8032767b,
        type: 3}
      propertyPath: m_CompositePaths.m_Paths.Array.data[3].Array.data[4].y
      value: 3
      objectReference: {fileID: 0}
    - target: {fileID: 5821103389368634474, guid: b8ce2803eacde7b47942c5bd8032767b,
        type: 3}
      propertyPath: m_CompositePaths.m_Paths.Array.data[3].Array.data[5].x
      value: 2
      objectReference: {fileID: 0}
    - target: {fileID: 5821103389368634474, guid: b8ce2803eacde7b47942c5bd8032767b,
        type: 3}
      propertyPath: m_CompositePaths.m_Paths.Array.data[3].Array.data[5].y
      value: 3
      objectReference: {fileID: 0}
    - target: {fileID: 5821103389368634474, guid: b8ce2803eacde7b47942c5bd8032767b,
        type: 3}
      propertyPath: m_ColliderPaths.Array.data[0].m_ColliderPaths.Array.data[2].Array.data[4].X
      value: 60000000
      objectReference: {fileID: 0}
    - target: {fileID: 5821103389368634474, guid: b8ce2803eacde7b47942c5bd8032767b,
        type: 3}
      propertyPath: m_ColliderPaths.Array.data[0].m_ColliderPaths.Array.data[2].Array.data[4].Y
      value: 30000000
      objectReference: {fileID: 0}
    - target: {fileID: 5821103389368634474, guid: b8ce2803eacde7b47942c5bd8032767b,
        type: 3}
      propertyPath: m_ColliderPaths.Array.data[0].m_ColliderPaths.Array.data[2].Array.data[5].X
      value: 120000000
      objectReference: {fileID: 0}
    - target: {fileID: 5821103389368634474, guid: b8ce2803eacde7b47942c5bd8032767b,
        type: 3}
      propertyPath: m_ColliderPaths.Array.data[0].m_ColliderPaths.Array.data[2].Array.data[5].Y
      value: 30000000
      objectReference: {fileID: 0}
    - target: {fileID: 5821103389368634474, guid: b8ce2803eacde7b47942c5bd8032767b,
        type: 3}
      propertyPath: m_CompositePaths.m_Paths.Array.data[2].Array.data[4].x
      value: 6
      objectReference: {fileID: 0}
    - target: {fileID: 5821103389368634474, guid: b8ce2803eacde7b47942c5bd8032767b,
        type: 3}
      propertyPath: m_CompositePaths.m_Paths.Array.data[2].Array.data[4].y
      value: 3
      objectReference: {fileID: 0}
    - target: {fileID: 5821103389368634474, guid: b8ce2803eacde7b47942c5bd8032767b,
        type: 3}
      propertyPath: m_CompositePaths.m_Paths.Array.data[2].Array.data[5].x
      value: 12
      objectReference: {fileID: 0}
    - target: {fileID: 5821103389368634474, guid: b8ce2803eacde7b47942c5bd8032767b,
        type: 3}
      propertyPath: m_CompositePaths.m_Paths.Array.data[2].Array.data[5].y
      value: 3
      objectReference: {fileID: 0}
    m_RemovedComponents: []
  m_SourcePrefab: {fileID: 100100000, guid: b8ce2803eacde7b47942c5bd8032767b, type: 3}
--- !u!1 &534669902
GameObject:
  m_ObjectHideFlags: 0
  m_CorrespondingSourceObject: {fileID: 0}
  m_PrefabInstance: {fileID: 0}
  m_PrefabAsset: {fileID: 0}
  serializedVersion: 6
  m_Component:
  - component: {fileID: 534669905}
  - component: {fileID: 534669904}
  - component: {fileID: 534669903}
  m_Layer: 0
  m_Name: Main Camera
  m_TagString: MainCamera
  m_Icon: {fileID: 0}
  m_NavMeshLayer: 0
  m_StaticEditorFlags: 0
  m_IsActive: 1
--- !u!81 &534669903
AudioListener:
  m_ObjectHideFlags: 0
  m_CorrespondingSourceObject: {fileID: 0}
  m_PrefabInstance: {fileID: 0}
  m_PrefabAsset: {fileID: 0}
  m_GameObject: {fileID: 534669902}
  m_Enabled: 1
--- !u!20 &534669904
Camera:
  m_ObjectHideFlags: 0
  m_CorrespondingSourceObject: {fileID: 0}
  m_PrefabInstance: {fileID: 0}
  m_PrefabAsset: {fileID: 0}
  m_GameObject: {fileID: 534669902}
  m_Enabled: 1
  serializedVersion: 2
  m_ClearFlags: 2
  m_BackGroundColor: {r: 0, g: 0, b: 0, a: 0}
  m_projectionMatrixMode: 1
  m_GateFitMode: 2
  m_FOVAxisMode: 0
  m_SensorSize: {x: 36, y: 24}
  m_LensShift: {x: 0, y: 0}
  m_FocalLength: 50
  m_NormalizedViewPortRect:
    serializedVersion: 2
    x: 0
    y: 0
    width: 1
    height: 1
  near clip plane: 0.3
  far clip plane: 1000
  field of view: 70.9
  orthographic: 1
  orthographic size: 15
  m_Depth: -1
  m_CullingMask:
    serializedVersion: 2
    m_Bits: 4294967295
  m_RenderingPath: -1
  m_TargetTexture: {fileID: 0}
  m_TargetDisplay: 0
  m_TargetEye: 3
  m_HDR: 1
  m_AllowMSAA: 1
  m_AllowDynamicResolution: 0
  m_ForceIntoRT: 0
  m_OcclusionCulling: 1
  m_StereoConvergence: 10
  m_StereoSeparation: 0.022
--- !u!4 &534669905
Transform:
  m_ObjectHideFlags: 0
  m_CorrespondingSourceObject: {fileID: 0}
  m_PrefabInstance: {fileID: 0}
  m_PrefabAsset: {fileID: 0}
  m_GameObject: {fileID: 534669902}
  m_LocalRotation: {x: -0, y: -0, z: -0, w: 1}
  m_LocalPosition: {x: 1.4, y: -0.1, z: -9.941406}
  m_LocalScale: {x: 1, y: 1, z: 1}
  m_Children: []
  m_Father: {fileID: 1214732569}
  m_RootOrder: 0
  m_LocalEulerAnglesHint: {x: 0, y: 0, z: 0}
--- !u!1 &598650831
GameObject:
  m_ObjectHideFlags: 0
  m_CorrespondingSourceObject: {fileID: 0}
  m_PrefabInstance: {fileID: 0}
  m_PrefabAsset: {fileID: 0}
  serializedVersion: 6
  m_Component:
  - component: {fileID: 598650832}
  - component: {fileID: 598650833}
  - component: {fileID: 598650835}
  - component: {fileID: 598650834}
  - component: {fileID: 598650836}
  m_Layer: 0
  m_Name: Manager
  m_TagString: Untagged
  m_Icon: {fileID: 0}
  m_NavMeshLayer: 0
  m_StaticEditorFlags: 0
  m_IsActive: 1
--- !u!4 &598650832
Transform:
  m_ObjectHideFlags: 0
  m_CorrespondingSourceObject: {fileID: 0}
  m_PrefabInstance: {fileID: 0}
  m_PrefabAsset: {fileID: 0}
  m_GameObject: {fileID: 598650831}
  m_LocalRotation: {x: 0, y: 0, z: 0, w: 1}
  m_LocalPosition: {x: 0, y: 0, z: 0}
  m_LocalScale: {x: 1, y: 1, z: 1}
  m_Children: []
  m_Father: {fileID: 1214732569}
  m_RootOrder: 1
  m_LocalEulerAnglesHint: {x: 0, y: 0, z: 0}
--- !u!114 &598650833
MonoBehaviour:
  m_ObjectHideFlags: 0
  m_CorrespondingSourceObject: {fileID: 0}
  m_PrefabInstance: {fileID: 0}
  m_PrefabAsset: {fileID: 0}
  m_GameObject: {fileID: 598650831}
  m_Enabled: 1
  m_EditorHideFlags: 0
  m_Script: {fileID: 11500000, guid: 2dd80f4c2d0531b4f8714cf9060eead1, type: 3}
  m_Name: 
  m_EditorClassIdentifier: 
  ShowResultSecond: 3
--- !u!114 &598650834
MonoBehaviour:
  m_ObjectHideFlags: 0
  m_CorrespondingSourceObject: {fileID: 0}
  m_PrefabInstance: {fileID: 0}
  m_PrefabAsset: {fileID: 0}
  m_GameObject: {fileID: 598650831}
  m_Enabled: 1
  m_EditorHideFlags: 0
  m_Script: {fileID: 11500000, guid: 2d8a2f0779a0ae241802fa0078ba9da7, type: 3}
  m_Name: 
  m_EditorClassIdentifier: 
  MaxScore: 10
  PlayerPanelPool: {fileID: 1559043151}
  ResultPanelPool: {fileID: 286081020}
--- !u!114 &598650835
MonoBehaviour:
  m_ObjectHideFlags: 0
  m_CorrespondingSourceObject: {fileID: 0}
  m_PrefabInstance: {fileID: 0}
  m_PrefabAsset: {fileID: 0}
  m_GameObject: {fileID: 598650831}
  m_Enabled: 1
  m_EditorHideFlags: 0
  m_Script: {fileID: 11500000, guid: 582fb1c16f09e8c42a7434d69ee1ea1c, type: 3}
  m_Name: 
  m_EditorClassIdentifier: 
  PlayerPool: {fileID: 1792478599}
  PlayerList: []
--- !u!114 &598650836
MonoBehaviour:
  m_ObjectHideFlags: 0
  m_CorrespondingSourceObject: {fileID: 0}
  m_PrefabInstance: {fileID: 0}
  m_PrefabAsset: {fileID: 0}
  m_GameObject: {fileID: 598650831}
  m_Enabled: 1
  m_EditorHideFlags: 0
  m_Script: {fileID: 11500000, guid: 486747ce82ce3484f867a9b1f483500e, type: 3}
  m_Name: 
  m_EditorClassIdentifier: 
  Container:
    GlobalSetting: {fileID: 0}
    ArenaRulesSetting: {fileID: 0}
--- !u!224 &788752235 stripped
RectTransform:
  m_CorrespondingSourceObject: {fileID: 7712207821032023407, guid: 2a0978cf6a53c1a4abb76c40cbd57c70,
    type: 3}
  m_PrefabInstance: {fileID: 7712207820545393156}
  m_PrefabAsset: {fileID: 0}
--- !u!1001 &1168377104
PrefabInstance:
  m_ObjectHideFlags: 0
  serializedVersion: 2
  m_Modification:
    m_TransformParent: {fileID: 1559043151}
    m_Modifications:
    - target: {fileID: 1958179912322144800, guid: 08e93df6b28e3144e97e6e4bd63dc89b,
        type: 3}
      propertyPath: m_Name
      value: PlayerPanel_TopLeft
      objectReference: {fileID: 0}
    - target: {fileID: 1958179912322144800, guid: 08e93df6b28e3144e97e6e4bd63dc89b,
        type: 3}
      propertyPath: m_IsActive
      value: 1
      objectReference: {fileID: 0}
    - target: {fileID: 1958179912322144801, guid: 08e93df6b28e3144e97e6e4bd63dc89b,
        type: 3}
      propertyPath: m_LocalPosition.x
      value: 0
      objectReference: {fileID: 0}
    - target: {fileID: 1958179912322144801, guid: 08e93df6b28e3144e97e6e4bd63dc89b,
        type: 3}
      propertyPath: m_LocalPosition.y
      value: 0
      objectReference: {fileID: 0}
    - target: {fileID: 1958179912322144801, guid: 08e93df6b28e3144e97e6e4bd63dc89b,
        type: 3}
      propertyPath: m_LocalPosition.z
      value: 0
      objectReference: {fileID: 0}
    - target: {fileID: 1958179912322144801, guid: 08e93df6b28e3144e97e6e4bd63dc89b,
        type: 3}
      propertyPath: m_LocalRotation.x
      value: 0
      objectReference: {fileID: 0}
    - target: {fileID: 1958179912322144801, guid: 08e93df6b28e3144e97e6e4bd63dc89b,
        type: 3}
      propertyPath: m_LocalRotation.y
      value: 0
      objectReference: {fileID: 0}
    - target: {fileID: 1958179912322144801, guid: 08e93df6b28e3144e97e6e4bd63dc89b,
        type: 3}
      propertyPath: m_LocalRotation.z
      value: 0
      objectReference: {fileID: 0}
    - target: {fileID: 1958179912322144801, guid: 08e93df6b28e3144e97e6e4bd63dc89b,
        type: 3}
      propertyPath: m_LocalRotation.w
      value: 1
      objectReference: {fileID: 0}
    - target: {fileID: 1958179912322144801, guid: 08e93df6b28e3144e97e6e4bd63dc89b,
        type: 3}
      propertyPath: m_RootOrder
      value: 0
      objectReference: {fileID: 0}
    - target: {fileID: 1958179912322144801, guid: 08e93df6b28e3144e97e6e4bd63dc89b,
        type: 3}
      propertyPath: m_LocalEulerAnglesHint.x
      value: 0
      objectReference: {fileID: 0}
    - target: {fileID: 1958179912322144801, guid: 08e93df6b28e3144e97e6e4bd63dc89b,
        type: 3}
      propertyPath: m_LocalEulerAnglesHint.y
      value: 0
      objectReference: {fileID: 0}
    - target: {fileID: 1958179912322144801, guid: 08e93df6b28e3144e97e6e4bd63dc89b,
        type: 3}
      propertyPath: m_LocalEulerAnglesHint.z
      value: 0
      objectReference: {fileID: 0}
    - target: {fileID: 1958179912322144801, guid: 08e93df6b28e3144e97e6e4bd63dc89b,
        type: 3}
      propertyPath: m_AnchoredPosition.x
      value: 0
      objectReference: {fileID: 0}
    - target: {fileID: 1958179912322144801, guid: 08e93df6b28e3144e97e6e4bd63dc89b,
        type: 3}
      propertyPath: m_AnchoredPosition.y
      value: -40.25
      objectReference: {fileID: 0}
    - target: {fileID: 1958179912322144801, guid: 08e93df6b28e3144e97e6e4bd63dc89b,
        type: 3}
      propertyPath: m_SizeDelta.x
      value: 350
      objectReference: {fileID: 0}
    - target: {fileID: 1958179912322144801, guid: 08e93df6b28e3144e97e6e4bd63dc89b,
        type: 3}
      propertyPath: m_SizeDelta.y
      value: 80.5
      objectReference: {fileID: 0}
    - target: {fileID: 1958179912322144801, guid: 08e93df6b28e3144e97e6e4bd63dc89b,
        type: 3}
      propertyPath: m_AnchorMin.x
      value: 0
      objectReference: {fileID: 0}
    - target: {fileID: 1958179912322144801, guid: 08e93df6b28e3144e97e6e4bd63dc89b,
        type: 3}
      propertyPath: m_AnchorMin.y
      value: 1
      objectReference: {fileID: 0}
    - target: {fileID: 1958179912322144801, guid: 08e93df6b28e3144e97e6e4bd63dc89b,
        type: 3}
      propertyPath: m_AnchorMax.x
      value: 0
      objectReference: {fileID: 0}
    - target: {fileID: 1958179912322144801, guid: 08e93df6b28e3144e97e6e4bd63dc89b,
        type: 3}
      propertyPath: m_AnchorMax.y
      value: 1
      objectReference: {fileID: 0}
    - target: {fileID: 1958179912322144801, guid: 08e93df6b28e3144e97e6e4bd63dc89b,
        type: 3}
      propertyPath: m_Pivot.x
      value: 0
      objectReference: {fileID: 0}
    - target: {fileID: 1958179912322144801, guid: 08e93df6b28e3144e97e6e4bd63dc89b,
        type: 3}
      propertyPath: m_Pivot.y
      value: 0.5
      objectReference: {fileID: 0}
    m_RemovedComponents: []
  m_SourcePrefab: {fileID: 100100000, guid: 08e93df6b28e3144e97e6e4bd63dc89b, type: 3}
--- !u!224 &1168377105 stripped
RectTransform:
  m_CorrespondingSourceObject: {fileID: 1958179912322144801, guid: 08e93df6b28e3144e97e6e4bd63dc89b,
    type: 3}
  m_PrefabInstance: {fileID: 1168377104}
  m_PrefabAsset: {fileID: 0}
--- !u!1 &1195357082
GameObject:
  m_ObjectHideFlags: 0
  m_CorrespondingSourceObject: {fileID: 0}
  m_PrefabInstance: {fileID: 0}
  m_PrefabAsset: {fileID: 0}
  serializedVersion: 6
  m_Component:
  - component: {fileID: 1195357083}
  m_Layer: 0
  m_Name: '--- UI ---'
  m_TagString: Untagged
  m_Icon: {fileID: 0}
  m_NavMeshLayer: 0
  m_StaticEditorFlags: 0
  m_IsActive: 1
--- !u!4 &1195357083
Transform:
  m_ObjectHideFlags: 0
  m_CorrespondingSourceObject: {fileID: 0}
  m_PrefabInstance: {fileID: 0}
  m_PrefabAsset: {fileID: 0}
  m_GameObject: {fileID: 1195357082}
  m_LocalRotation: {x: 0, y: 0, z: 0, w: 1}
  m_LocalPosition: {x: 0, y: 0, z: 0}
  m_LocalScale: {x: 1, y: 1, z: 1}
  m_Children:
  - {fileID: 323430023}
  m_Father: {fileID: 0}
  m_RootOrder: 2
  m_LocalEulerAnglesHint: {x: 0, y: 0, z: 0}
--- !u!1 &1214732568
GameObject:
  m_ObjectHideFlags: 0
  m_CorrespondingSourceObject: {fileID: 0}
  m_PrefabInstance: {fileID: 0}
  m_PrefabAsset: {fileID: 0}
  serializedVersion: 6
  m_Component:
  - component: {fileID: 1214732569}
  m_Layer: 0
  m_Name: '--- CORE ---'
  m_TagString: Untagged
  m_Icon: {fileID: 0}
  m_NavMeshLayer: 0
  m_StaticEditorFlags: 0
  m_IsActive: 1
--- !u!4 &1214732569
Transform:
  m_ObjectHideFlags: 0
  m_CorrespondingSourceObject: {fileID: 0}
  m_PrefabInstance: {fileID: 0}
  m_PrefabAsset: {fileID: 0}
  m_GameObject: {fileID: 1214732568}
  m_LocalRotation: {x: 0, y: 0, z: 0, w: 1}
  m_LocalPosition: {x: 0, y: 0, z: 0}
  m_LocalScale: {x: 1, y: 1, z: 1}
  m_Children:
  - {fileID: 534669905}
  - {fileID: 598650832}
  m_Father: {fileID: 0}
  m_RootOrder: 0
  m_LocalEulerAnglesHint: {x: 0, y: 0, z: 0}
--- !u!1 &1559043150
GameObject:
  m_ObjectHideFlags: 0
  m_CorrespondingSourceObject: {fileID: 0}
  m_PrefabInstance: {fileID: 0}
  m_PrefabAsset: {fileID: 0}
  serializedVersion: 6
  m_Component:
  - component: {fileID: 1559043151}
  m_Layer: 0
  m_Name: Arena UI Container
  m_TagString: Untagged
  m_Icon: {fileID: 0}
  m_NavMeshLayer: 0
  m_StaticEditorFlags: 0
  m_IsActive: 1
--- !u!224 &1559043151
RectTransform:
  m_ObjectHideFlags: 0
  m_CorrespondingSourceObject: {fileID: 0}
  m_PrefabInstance: {fileID: 0}
  m_PrefabAsset: {fileID: 0}
  m_GameObject: {fileID: 1559043150}
  m_LocalRotation: {x: 0, y: 0, z: 0, w: 1}
  m_LocalPosition: {x: 0, y: 0, z: 0}
  m_LocalScale: {x: 1, y: 1, z: 1}
  m_Children:
  - {fileID: 1168377105}
  - {fileID: 3336730777804456811}
  m_Father: {fileID: 323430023}
  m_RootOrder: 0
  m_LocalEulerAnglesHint: {x: 0, y: 0, z: 0}
  m_AnchorMin: {x: 0, y: 0}
  m_AnchorMax: {x: 1, y: 1}
  m_AnchoredPosition: {x: 0, y: 0}
  m_SizeDelta: {x: 0, y: 0}
  m_Pivot: {x: 0.5, y: 0.5}
--- !u!1 &1792478598
GameObject:
  m_ObjectHideFlags: 0
  m_CorrespondingSourceObject: {fileID: 0}
  m_PrefabInstance: {fileID: 0}
  m_PrefabAsset: {fileID: 0}
  serializedVersion: 6
  m_Component:
  - component: {fileID: 1792478599}
  m_Layer: 0
  m_Name: '--- PLAYERS AND PLAYERS STUFFS ---'
  m_TagString: Untagged
  m_Icon: {fileID: 0}
  m_NavMeshLayer: 0
  m_StaticEditorFlags: 0
  m_IsActive: 1
--- !u!4 &1792478599
Transform:
  m_ObjectHideFlags: 0
  m_CorrespondingSourceObject: {fileID: 0}
  m_PrefabInstance: {fileID: 0}
  m_PrefabAsset: {fileID: 0}
  m_GameObject: {fileID: 1792478598}
  m_LocalRotation: {x: 0, y: 0, z: 0, w: 1}
  m_LocalPosition: {x: 0, y: 0, z: 0}
  m_LocalScale: {x: 1, y: 1, z: 1}
  m_Children: []
  m_Father: {fileID: 0}
  m_RootOrder: 3
  m_LocalEulerAnglesHint: {x: 0, y: 0, z: 0}
--- !u!1001 &1846712056
PrefabInstance:
  m_ObjectHideFlags: 0
  serializedVersion: 2
  m_Modification:
    m_TransformParent: {fileID: 286081020}
    m_Modifications:
    - target: {fileID: 7712207821032023406, guid: 2a0978cf6a53c1a4abb76c40cbd57c70,
        type: 3}
      propertyPath: m_Name
      value: PlayerResultPanel2
      objectReference: {fileID: 0}
    - target: {fileID: 7712207821032023406, guid: 2a0978cf6a53c1a4abb76c40cbd57c70,
        type: 3}
      propertyPath: m_IsActive
      value: 1
      objectReference: {fileID: 0}
    - target: {fileID: 7712207821032023407, guid: 2a0978cf6a53c1a4abb76c40cbd57c70,
        type: 3}
      propertyPath: m_LocalPosition.x
      value: 0
      objectReference: {fileID: 0}
    - target: {fileID: 7712207821032023407, guid: 2a0978cf6a53c1a4abb76c40cbd57c70,
        type: 3}
      propertyPath: m_LocalPosition.y
      value: 0
      objectReference: {fileID: 0}
    - target: {fileID: 7712207821032023407, guid: 2a0978cf6a53c1a4abb76c40cbd57c70,
        type: 3}
      propertyPath: m_LocalPosition.z
      value: 0
      objectReference: {fileID: 0}
    - target: {fileID: 7712207821032023407, guid: 2a0978cf6a53c1a4abb76c40cbd57c70,
        type: 3}
      propertyPath: m_LocalRotation.x
      value: -0
      objectReference: {fileID: 0}
    - target: {fileID: 7712207821032023407, guid: 2a0978cf6a53c1a4abb76c40cbd57c70,
        type: 3}
      propertyPath: m_LocalRotation.y
      value: -0
      objectReference: {fileID: 0}
    - target: {fileID: 7712207821032023407, guid: 2a0978cf6a53c1a4abb76c40cbd57c70,
        type: 3}
      propertyPath: m_LocalRotation.z
      value: -0
      objectReference: {fileID: 0}
    - target: {fileID: 7712207821032023407, guid: 2a0978cf6a53c1a4abb76c40cbd57c70,
        type: 3}
      propertyPath: m_LocalRotation.w
      value: 1
      objectReference: {fileID: 0}
    - target: {fileID: 7712207821032023407, guid: 2a0978cf6a53c1a4abb76c40cbd57c70,
        type: 3}
      propertyPath: m_RootOrder
      value: 1
      objectReference: {fileID: 0}
    - target: {fileID: 7712207821032023407, guid: 2a0978cf6a53c1a4abb76c40cbd57c70,
        type: 3}
      propertyPath: m_LocalEulerAnglesHint.x
      value: 0
      objectReference: {fileID: 0}
    - target: {fileID: 7712207821032023407, guid: 2a0978cf6a53c1a4abb76c40cbd57c70,
        type: 3}
      propertyPath: m_LocalEulerAnglesHint.y
      value: 0
      objectReference: {fileID: 0}
    - target: {fileID: 7712207821032023407, guid: 2a0978cf6a53c1a4abb76c40cbd57c70,
        type: 3}
      propertyPath: m_LocalEulerAnglesHint.z
      value: 0
      objectReference: {fileID: 0}
    - target: {fileID: 7712207821032023407, guid: 2a0978cf6a53c1a4abb76c40cbd57c70,
        type: 3}
      propertyPath: m_AnchoredPosition.x
      value: 0
      objectReference: {fileID: 0}
    - target: {fileID: 7712207821032023407, guid: 2a0978cf6a53c1a4abb76c40cbd57c70,
        type: 3}
      propertyPath: m_AnchoredPosition.y
      value: 0
      objectReference: {fileID: 0}
    - target: {fileID: 7712207821032023407, guid: 2a0978cf6a53c1a4abb76c40cbd57c70,
        type: 3}
      propertyPath: m_SizeDelta.x
      value: 0
      objectReference: {fileID: 0}
    - target: {fileID: 7712207821032023407, guid: 2a0978cf6a53c1a4abb76c40cbd57c70,
        type: 3}
      propertyPath: m_SizeDelta.y
      value: 0
      objectReference: {fileID: 0}
    - target: {fileID: 7712207821032023407, guid: 2a0978cf6a53c1a4abb76c40cbd57c70,
        type: 3}
      propertyPath: m_AnchorMin.x
      value: 0
      objectReference: {fileID: 0}
    - target: {fileID: 7712207821032023407, guid: 2a0978cf6a53c1a4abb76c40cbd57c70,
        type: 3}
      propertyPath: m_AnchorMin.y
      value: 0
      objectReference: {fileID: 0}
    - target: {fileID: 7712207821032023407, guid: 2a0978cf6a53c1a4abb76c40cbd57c70,
        type: 3}
      propertyPath: m_AnchorMax.x
      value: 0
      objectReference: {fileID: 0}
    - target: {fileID: 7712207821032023407, guid: 2a0978cf6a53c1a4abb76c40cbd57c70,
        type: 3}
      propertyPath: m_AnchorMax.y
      value: 0
      objectReference: {fileID: 0}
    - target: {fileID: 7712207821032023407, guid: 2a0978cf6a53c1a4abb76c40cbd57c70,
        type: 3}
      propertyPath: m_Pivot.x
      value: 0.5
      objectReference: {fileID: 0}
    - target: {fileID: 7712207821032023407, guid: 2a0978cf6a53c1a4abb76c40cbd57c70,
        type: 3}
      propertyPath: m_Pivot.y
      value: 0.5
      objectReference: {fileID: 0}
    - target: {fileID: 7712207820942324296, guid: 2a0978cf6a53c1a4abb76c40cbd57c70,
        type: 3}
      propertyPath: m_AnchorMin.y
      value: 0
      objectReference: {fileID: 0}
    - target: {fileID: 7712207820942324296, guid: 2a0978cf6a53c1a4abb76c40cbd57c70,
        type: 3}
      propertyPath: m_AnchorMax.y
      value: 0
      objectReference: {fileID: 0}
    - target: {fileID: 7712207820942324296, guid: 2a0978cf6a53c1a4abb76c40cbd57c70,
        type: 3}
      propertyPath: m_AnchoredPosition.x
      value: 0
      objectReference: {fileID: 0}
    - target: {fileID: 7712207820942324296, guid: 2a0978cf6a53c1a4abb76c40cbd57c70,
        type: 3}
      propertyPath: m_AnchoredPosition.y
      value: 0
      objectReference: {fileID: 0}
    - target: {fileID: 7712207820942324296, guid: 2a0978cf6a53c1a4abb76c40cbd57c70,
        type: 3}
      propertyPath: m_SizeDelta.y
      value: 0
      objectReference: {fileID: 0}
    - target: {fileID: 7712207819674618168, guid: 2a0978cf6a53c1a4abb76c40cbd57c70,
        type: 3}
      propertyPath: m_AnchorMin.y
      value: 0
      objectReference: {fileID: 0}
    - target: {fileID: 7712207819674618168, guid: 2a0978cf6a53c1a4abb76c40cbd57c70,
        type: 3}
      propertyPath: m_AnchorMax.y
      value: 0
      objectReference: {fileID: 0}
    - target: {fileID: 7712207819674618168, guid: 2a0978cf6a53c1a4abb76c40cbd57c70,
        type: 3}
      propertyPath: m_AnchoredPosition.x
      value: 0
      objectReference: {fileID: 0}
    - target: {fileID: 7712207819674618168, guid: 2a0978cf6a53c1a4abb76c40cbd57c70,
        type: 3}
      propertyPath: m_AnchoredPosition.y
      value: 0
      objectReference: {fileID: 0}
    - target: {fileID: 7712207819674618168, guid: 2a0978cf6a53c1a4abb76c40cbd57c70,
        type: 3}
      propertyPath: m_SizeDelta.y
      value: 0
      objectReference: {fileID: 0}
    - target: {fileID: 7712207820548356845, guid: 2a0978cf6a53c1a4abb76c40cbd57c70,
        type: 3}
      propertyPath: m_AnchorMin.y
      value: 0
      objectReference: {fileID: 0}
    - target: {fileID: 7712207820548356845, guid: 2a0978cf6a53c1a4abb76c40cbd57c70,
        type: 3}
      propertyPath: m_AnchorMax.y
      value: 0
      objectReference: {fileID: 0}
    - target: {fileID: 7712207820548356845, guid: 2a0978cf6a53c1a4abb76c40cbd57c70,
        type: 3}
      propertyPath: m_AnchoredPosition.x
      value: 0
      objectReference: {fileID: 0}
    - target: {fileID: 7712207820548356845, guid: 2a0978cf6a53c1a4abb76c40cbd57c70,
        type: 3}
      propertyPath: m_AnchoredPosition.y
      value: 0
      objectReference: {fileID: 0}
    - target: {fileID: 7712207820548356845, guid: 2a0978cf6a53c1a4abb76c40cbd57c70,
        type: 3}
      propertyPath: m_SizeDelta.y
      value: 0
      objectReference: {fileID: 0}
    m_RemovedComponents: []
  m_SourcePrefab: {fileID: 100100000, guid: 2a0978cf6a53c1a4abb76c40cbd57c70, type: 3}
--- !u!224 &1846712057 stripped
RectTransform:
  m_CorrespondingSourceObject: {fileID: 7712207821032023407, guid: 2a0978cf6a53c1a4abb76c40cbd57c70,
    type: 3}
  m_PrefabInstance: {fileID: 1846712056}
  m_PrefabAsset: {fileID: 0}
--- !u!224 &3336730777804456811 stripped
RectTransform:
  m_CorrespondingSourceObject: {fileID: 3336730777804456811, guid: 843673668153ea743aa3f61e94702ad1,
    type: 3}
  m_PrefabInstance: {fileID: 5869959966479809794}
  m_PrefabAsset: {fileID: 0}
--- !u!1001 &5869959966479809794
PrefabInstance:
  m_ObjectHideFlags: 0
  serializedVersion: 2
  m_Modification:
    m_TransformParent: {fileID: 1559043151}
    m_Modifications:
    - target: {fileID: 3336730777804456810, guid: 843673668153ea743aa3f61e94702ad1,
        type: 3}
      propertyPath: m_Name
      value: PlayerPanel_TopRight
      objectReference: {fileID: 0}
    - target: {fileID: 3336730777804456810, guid: 843673668153ea743aa3f61e94702ad1,
        type: 3}
      propertyPath: m_IsActive
      value: 1
      objectReference: {fileID: 0}
    - target: {fileID: 3336730777804456811, guid: 843673668153ea743aa3f61e94702ad1,
        type: 3}
      propertyPath: m_LocalPosition.x
      value: 0
      objectReference: {fileID: 0}
    - target: {fileID: 3336730777804456811, guid: 843673668153ea743aa3f61e94702ad1,
        type: 3}
      propertyPath: m_LocalPosition.y
      value: 0
      objectReference: {fileID: 0}
    - target: {fileID: 3336730777804456811, guid: 843673668153ea743aa3f61e94702ad1,
        type: 3}
      propertyPath: m_LocalPosition.z
      value: 0
      objectReference: {fileID: 0}
    - target: {fileID: 3336730777804456811, guid: 843673668153ea743aa3f61e94702ad1,
        type: 3}
      propertyPath: m_LocalRotation.x
      value: 0
      objectReference: {fileID: 0}
    - target: {fileID: 3336730777804456811, guid: 843673668153ea743aa3f61e94702ad1,
        type: 3}
      propertyPath: m_LocalRotation.y
      value: 0
      objectReference: {fileID: 0}
    - target: {fileID: 3336730777804456811, guid: 843673668153ea743aa3f61e94702ad1,
        type: 3}
      propertyPath: m_LocalRotation.z
      value: 0
      objectReference: {fileID: 0}
    - target: {fileID: 3336730777804456811, guid: 843673668153ea743aa3f61e94702ad1,
        type: 3}
      propertyPath: m_LocalRotation.w
      value: 1
      objectReference: {fileID: 0}
    - target: {fileID: 3336730777804456811, guid: 843673668153ea743aa3f61e94702ad1,
        type: 3}
      propertyPath: m_RootOrder
      value: 1
      objectReference: {fileID: 0}
    - target: {fileID: 3336730777804456811, guid: 843673668153ea743aa3f61e94702ad1,
        type: 3}
      propertyPath: m_LocalEulerAnglesHint.x
      value: 0
      objectReference: {fileID: 0}
    - target: {fileID: 3336730777804456811, guid: 843673668153ea743aa3f61e94702ad1,
        type: 3}
      propertyPath: m_LocalEulerAnglesHint.y
      value: 0
      objectReference: {fileID: 0}
    - target: {fileID: 3336730777804456811, guid: 843673668153ea743aa3f61e94702ad1,
        type: 3}
      propertyPath: m_LocalEulerAnglesHint.z
      value: 0
      objectReference: {fileID: 0}
    - target: {fileID: 3336730777804456811, guid: 843673668153ea743aa3f61e94702ad1,
        type: 3}
      propertyPath: m_AnchoredPosition.x
      value: 0
      objectReference: {fileID: 0}
    - target: {fileID: 3336730777804456811, guid: 843673668153ea743aa3f61e94702ad1,
        type: 3}
      propertyPath: m_AnchoredPosition.y
      value: -40.25
      objectReference: {fileID: 0}
    - target: {fileID: 3336730777804456811, guid: 843673668153ea743aa3f61e94702ad1,
        type: 3}
      propertyPath: m_SizeDelta.x
      value: 350
      objectReference: {fileID: 0}
    - target: {fileID: 3336730777804456811, guid: 843673668153ea743aa3f61e94702ad1,
        type: 3}
      propertyPath: m_SizeDelta.y
      value: 80.5
      objectReference: {fileID: 0}
    - target: {fileID: 3336730777804456811, guid: 843673668153ea743aa3f61e94702ad1,
        type: 3}
      propertyPath: m_AnchorMin.x
      value: 1
      objectReference: {fileID: 0}
    - target: {fileID: 3336730777804456811, guid: 843673668153ea743aa3f61e94702ad1,
        type: 3}
      propertyPath: m_AnchorMin.y
      value: 1
      objectReference: {fileID: 0}
    - target: {fileID: 3336730777804456811, guid: 843673668153ea743aa3f61e94702ad1,
        type: 3}
      propertyPath: m_AnchorMax.x
      value: 1
      objectReference: {fileID: 0}
    - target: {fileID: 3336730777804456811, guid: 843673668153ea743aa3f61e94702ad1,
        type: 3}
      propertyPath: m_AnchorMax.y
      value: 1
      objectReference: {fileID: 0}
    - target: {fileID: 3336730777804456811, guid: 843673668153ea743aa3f61e94702ad1,
        type: 3}
      propertyPath: m_Pivot.x
      value: 1
      objectReference: {fileID: 0}
    - target: {fileID: 3336730777804456811, guid: 843673668153ea743aa3f61e94702ad1,
        type: 3}
      propertyPath: m_Pivot.y
      value: 0.5
      objectReference: {fileID: 0}
    m_RemovedComponents: []
  m_SourcePrefab: {fileID: 100100000, guid: 843673668153ea743aa3f61e94702ad1, type: 3}
--- !u!1001 &7712207820545393156
PrefabInstance:
  m_ObjectHideFlags: 0
  serializedVersion: 2
  m_Modification:
    m_TransformParent: {fileID: 286081020}
    m_Modifications:
    - target: {fileID: 7712207821032023406, guid: 2a0978cf6a53c1a4abb76c40cbd57c70,
        type: 3}
      propertyPath: m_Name
      value: PlayerResultPanel
      objectReference: {fileID: 0}
    - target: {fileID: 7712207821032023406, guid: 2a0978cf6a53c1a4abb76c40cbd57c70,
        type: 3}
      propertyPath: m_IsActive
      value: 1
      objectReference: {fileID: 0}
    - target: {fileID: 7712207821032023407, guid: 2a0978cf6a53c1a4abb76c40cbd57c70,
        type: 3}
      propertyPath: m_LocalPosition.x
      value: 0
      objectReference: {fileID: 0}
    - target: {fileID: 7712207821032023407, guid: 2a0978cf6a53c1a4abb76c40cbd57c70,
        type: 3}
      propertyPath: m_LocalPosition.y
      value: 0
      objectReference: {fileID: 0}
    - target: {fileID: 7712207821032023407, guid: 2a0978cf6a53c1a4abb76c40cbd57c70,
        type: 3}
      propertyPath: m_LocalPosition.z
      value: 0
      objectReference: {fileID: 0}
    - target: {fileID: 7712207821032023407, guid: 2a0978cf6a53c1a4abb76c40cbd57c70,
        type: 3}
      propertyPath: m_LocalRotation.x
      value: 0
      objectReference: {fileID: 0}
    - target: {fileID: 7712207821032023407, guid: 2a0978cf6a53c1a4abb76c40cbd57c70,
        type: 3}
      propertyPath: m_LocalRotation.y
      value: 0
      objectReference: {fileID: 0}
    - target: {fileID: 7712207821032023407, guid: 2a0978cf6a53c1a4abb76c40cbd57c70,
        type: 3}
      propertyPath: m_LocalRotation.z
      value: 0
      objectReference: {fileID: 0}
    - target: {fileID: 7712207821032023407, guid: 2a0978cf6a53c1a4abb76c40cbd57c70,
        type: 3}
      propertyPath: m_LocalRotation.w
      value: 1
      objectReference: {fileID: 0}
    - target: {fileID: 7712207821032023407, guid: 2a0978cf6a53c1a4abb76c40cbd57c70,
        type: 3}
      propertyPath: m_RootOrder
      value: 0
      objectReference: {fileID: 0}
    - target: {fileID: 7712207821032023407, guid: 2a0978cf6a53c1a4abb76c40cbd57c70,
        type: 3}
      propertyPath: m_LocalEulerAnglesHint.x
      value: 0
      objectReference: {fileID: 0}
    - target: {fileID: 7712207821032023407, guid: 2a0978cf6a53c1a4abb76c40cbd57c70,
        type: 3}
      propertyPath: m_LocalEulerAnglesHint.y
      value: 0
      objectReference: {fileID: 0}
    - target: {fileID: 7712207821032023407, guid: 2a0978cf6a53c1a4abb76c40cbd57c70,
        type: 3}
      propertyPath: m_LocalEulerAnglesHint.z
      value: 0
      objectReference: {fileID: 0}
    - target: {fileID: 7712207821032023407, guid: 2a0978cf6a53c1a4abb76c40cbd57c70,
        type: 3}
      propertyPath: m_AnchoredPosition.x
      value: 0
      objectReference: {fileID: 0}
    - target: {fileID: 7712207821032023407, guid: 2a0978cf6a53c1a4abb76c40cbd57c70,
        type: 3}
      propertyPath: m_AnchoredPosition.y
      value: 0
      objectReference: {fileID: 0}
    - target: {fileID: 7712207821032023407, guid: 2a0978cf6a53c1a4abb76c40cbd57c70,
        type: 3}
      propertyPath: m_SizeDelta.x
      value: 0
      objectReference: {fileID: 0}
    - target: {fileID: 7712207821032023407, guid: 2a0978cf6a53c1a4abb76c40cbd57c70,
        type: 3}
      propertyPath: m_SizeDelta.y
      value: 0
      objectReference: {fileID: 0}
    - target: {fileID: 7712207821032023407, guid: 2a0978cf6a53c1a4abb76c40cbd57c70,
        type: 3}
      propertyPath: m_AnchorMin.x
      value: 0
      objectReference: {fileID: 0}
    - target: {fileID: 7712207821032023407, guid: 2a0978cf6a53c1a4abb76c40cbd57c70,
        type: 3}
      propertyPath: m_AnchorMin.y
      value: 0
      objectReference: {fileID: 0}
    - target: {fileID: 7712207821032023407, guid: 2a0978cf6a53c1a4abb76c40cbd57c70,
        type: 3}
      propertyPath: m_AnchorMax.x
      value: 0
      objectReference: {fileID: 0}
    - target: {fileID: 7712207821032023407, guid: 2a0978cf6a53c1a4abb76c40cbd57c70,
        type: 3}
      propertyPath: m_AnchorMax.y
      value: 0
      objectReference: {fileID: 0}
    - target: {fileID: 7712207821032023407, guid: 2a0978cf6a53c1a4abb76c40cbd57c70,
        type: 3}
      propertyPath: m_Pivot.x
      value: 0.5
      objectReference: {fileID: 0}
    - target: {fileID: 7712207821032023407, guid: 2a0978cf6a53c1a4abb76c40cbd57c70,
        type: 3}
      propertyPath: m_Pivot.y
      value: 0.5
      objectReference: {fileID: 0}
    - target: {fileID: 7712207820942324296, guid: 2a0978cf6a53c1a4abb76c40cbd57c70,
        type: 3}
      propertyPath: m_AnchorMin.y
      value: 0
      objectReference: {fileID: 0}
    - target: {fileID: 7712207820942324296, guid: 2a0978cf6a53c1a4abb76c40cbd57c70,
        type: 3}
      propertyPath: m_AnchorMax.y
      value: 0
      objectReference: {fileID: 0}
    - target: {fileID: 7712207820942324296, guid: 2a0978cf6a53c1a4abb76c40cbd57c70,
        type: 3}
      propertyPath: m_AnchoredPosition.x
      value: 0
      objectReference: {fileID: 0}
    - target: {fileID: 7712207820942324296, guid: 2a0978cf6a53c1a4abb76c40cbd57c70,
        type: 3}
      propertyPath: m_AnchoredPosition.y
      value: 0
      objectReference: {fileID: 0}
    - target: {fileID: 7712207820942324296, guid: 2a0978cf6a53c1a4abb76c40cbd57c70,
        type: 3}
      propertyPath: m_SizeDelta.y
      value: 0
      objectReference: {fileID: 0}
    - target: {fileID: 7712207819674618168, guid: 2a0978cf6a53c1a4abb76c40cbd57c70,
        type: 3}
      propertyPath: m_AnchorMin.y
      value: 0
      objectReference: {fileID: 0}
    - target: {fileID: 7712207819674618168, guid: 2a0978cf6a53c1a4abb76c40cbd57c70,
        type: 3}
      propertyPath: m_AnchorMax.y
      value: 0
      objectReference: {fileID: 0}
    - target: {fileID: 7712207819674618168, guid: 2a0978cf6a53c1a4abb76c40cbd57c70,
        type: 3}
      propertyPath: m_AnchoredPosition.x
      value: 0
      objectReference: {fileID: 0}
    - target: {fileID: 7712207819674618168, guid: 2a0978cf6a53c1a4abb76c40cbd57c70,
        type: 3}
      propertyPath: m_AnchoredPosition.y
      value: 0
      objectReference: {fileID: 0}
    - target: {fileID: 7712207819674618168, guid: 2a0978cf6a53c1a4abb76c40cbd57c70,
        type: 3}
      propertyPath: m_SizeDelta.y
      value: 0
      objectReference: {fileID: 0}
    - target: {fileID: 7712207820548356845, guid: 2a0978cf6a53c1a4abb76c40cbd57c70,
        type: 3}
      propertyPath: m_AnchorMin.y
      value: 0
      objectReference: {fileID: 0}
    - target: {fileID: 7712207820548356845, guid: 2a0978cf6a53c1a4abb76c40cbd57c70,
        type: 3}
      propertyPath: m_AnchorMax.y
      value: 0
      objectReference: {fileID: 0}
    - target: {fileID: 7712207820548356845, guid: 2a0978cf6a53c1a4abb76c40cbd57c70,
        type: 3}
      propertyPath: m_AnchoredPosition.x
      value: 0
      objectReference: {fileID: 0}
    - target: {fileID: 7712207820548356845, guid: 2a0978cf6a53c1a4abb76c40cbd57c70,
        type: 3}
      propertyPath: m_AnchoredPosition.y
      value: 0
      objectReference: {fileID: 0}
    - target: {fileID: 7712207820548356845, guid: 2a0978cf6a53c1a4abb76c40cbd57c70,
        type: 3}
      propertyPath: m_SizeDelta.y
      value: 0
      objectReference: {fileID: 0}
    m_RemovedComponents: []
  m_SourcePrefab: {fileID: 100100000, guid: 2a0978cf6a53c1a4abb76c40cbd57c70, type: 3}
